@article{L, 
  title={Experiences of system-level model-based GUI testing of an Android application}, 
  author={Takala and Tommi and Mika Katara, Julian Harty},
  year={2011}, 
  publisher = {Fourth IEEE International Conference on Software Testing, Verification and Validation. IEEE},
}
