@misc{apendice,
  title={Apêndice},
  author={Suelen Carvalho},
  howto={http://suelengc.com/android-code-smells-article}
}

@article{padilha2013detecccao,
  title={Detec{\c{c}}{\~a}o de anomalias de c{\'o}digo usando m{\'e}tricas de software},
  author={Padilha, Juliana},
  year={2013},
  publisher={UFMG}
}

@article{L, 
  title={Experiences of system-level model-based GUI testing of an Android application}, 
  author={Takala and Tommi and Mika Katara, Julian Harty},
  year={2011}, 
  publisher = {Fourth IEEE International Conference on Software Testing, Verification and Validation. IEEE},
}

@article{EnergyAndroidSmells, 
  title={Removing Energy Code Smells with Reengineering Services}, 
  note={Maus cheiros relacionados ao consumo de energia.}, 
  author={Gottschalk, Marion and Josefiok, Mirco and Jelschen, Jan and Winter, Andreas}
}

@article{FF, 
  title={Detecting Code Smells in Software Product Lines -- An Exploratory Study}, 
  DOI={10.1109/ITNG.2015.76}, 
  publisher={ieee}, 
  author={Abilio, Ramon and Padilha, Juliana and Figueiredo, Eduardo and Costa, Heitor}, 
  year={2015}, 
}

@article{GG,
 author = {McGregor, John D.},
 title = {Software Product Lines},
 year = {2004},
 publisher = {Journal of Object Technology},
}

@article{HH,
 author = {Wikipedia},
 title = {Linhas de Produtos de Software},
 howpublished = {\url{https://pt.wikipedia.org/wiki/Linha_de_produtos_de_software}},
 note = {Last accessed at 28/10/2016}
}

@article{II,
 author = {Pohl K.},
 title = {Software Product Line Engineering: Foundations, Principles and Techniques},
 year = {2005},
 publisher = {Springer},
}

@article{JJ,
 author = {Prehofer C.},
 title = {Feature-Oriented Programming: A Fresh Look at Objects},
 year = {1997},
 publisher = {ECOOP},
}

@article{LL,
 author = {Apel S., Kastner C.},
 title = {An Overview of Feature-Oriented Software Development},
 year = {2009},
 publisher = {In JOT},
}

@article{CC,
 author = {S. Porto},
 title = {A plain english guide to JavaScript prototypes},
 year = {2013},
 publisher = {Conference on Software Engineering, páginas 1001–1012. ACM},
}

@article{DD,
 author = {D. Crockford},
 title = {JavaScript: the good parts},
 year = {2008},
 publisher = {O’Reilly Media, Incorporated},
}

@article{EE,
 author = {W3C},
 title = {Document Object Model (DOM) level 2 events specication},
 year = {2000},
 publisher = {Conference on Software Engineering, páginas 1001–1012. ACM},
}

@article{BB,
 author = {A. Milani Fard and A. Mesbah},
 title = {JSNOSE: Detecting javascript code smells},
 year = {2013},
 publisher = {in Proceedings of the International Conference on Source Code Analysis and Manipulation (SCAM)},
}

@article{AA,
 author = {Chen and Tse\-Hsun Chen and Weiyi Shang and Zhen Ming Jiang and Ahmed Hassan and Mo\-hamed Nasser, Parminder Flora},
 title = {Detecting performance anti-patterns for applications developed using object-relational mapping},
 year = {2014},
 publisher = {Conference on Software Engineering, páginas 1001–1012. ACM},
}

@article{P,
 author = {Wenjia Wu and Jianan Wu and Yanhao Wang and Zhen Ling, Ming Yang},
 title = {Eficient Fingerprinting-based Android Device Identication with Zero-permission Identiers},
 year = {2016},
 publisher = {IEEE Access},
}

@article{R,
 author = {S. Yu},
 title = {Big privacy: Challenges and opportunities of privacy study in the age of big data},
 year = {2016},
 publisher = {IEEE Access},
}

@article{S,
 author = {Nilan Yildirim and Asaf Varol},
 title = {Android Based Mobile Application Development for  Web Login Authentication Using Fingerint  Recognition Feature},
 publisher = {IEEE},
}

@article{T,
 author = {Zheran Fang and Weili Han, Yingjiu Li},
 title = {Permission Based Android Security: Issues and Countermeasures},
 year = {2014},
 publisher = {ScienceDirect},
}

% David Related Work

@article{A,
 author = {B. Chess and G. McGraw},
 title = {Static analysis for security},
 year = {2004},
 publisher = {IEEE},
}

@article{B,
 author = {V. B. Livshits and M. S. Lam},
 title = {Finding security vulnerabilities in Java applications with static analysis},
 year = {2005},
 publisher = {In Proc. of the 14th Conference on USENIX Security Symposium},
}

@article{C,
 author = {D. Wagner and J. Foster and E. Brewer and A. Aiken},
 title = {A first step towards automated detection of buffer overrun vulnerabilities},
 year = {2000},
 publisher = {In Network and Distributed System Security Symposium},
}

@article{D,
 author = {Yuan Zhang and Min Yang and Zhemin Yang and Guofei GU and Peng Ning, Binyu Zang},
 title = {Exploring Permission Induced Risk in Android–Applications  for  Malicious  Detection},
 year = {2004},
 publisher = {IEEE  transactions  on information forensics and security},
}

@article{E,
 author = {Yuan Zhang and Min Yang and Zhemin Yang and Binyu Zang},
 title = {Permission Use Analysis for Vetting Undesirable Behaviors in Android Apps},
 year = {2014},
 publisher = {In IEEE transactions on information forensics and security},
}

@article{F,
 author = {Enck and William and Machigar Ongtang, Patrick Drew McDaniel},
 title = {Understanding Android Security},
 year = {2009},
 publisher = {IEEE security & privacy},
}

@article{G,
 author = {Enck and William and Machigar Ongtang, Patrick McDaniel},
 title = {Mitigating Android software misuse before it happens},
 year = {2008},
}

@article{J,
 author={Hu, Cuixiong and Neamtiu, Iulian},
 title = {Automating GUI testing for Android applications},
 year = {2011},
 publisher = {Proceedings of the 6th International Workshop on Automation of Software Test},
}

@article{H,
 author = {Wu and Lei},
 title = {The impact of vendor customizations on android security.},
 year = {2013},
 publisher = {Proceedings of the 2013 ACM SIGSAC conference on Computer & communications security},
}

@article{K,
 author = {Blasing and Thomas},
 title = {An android application sandbox system for suspicious software detection},
 year = {2010},
 publisher = {Malicious and unwanted software (MALWARE), 2010 5th international conference on. IEEE},
}
[K] Blasing and Thomas. "An android application sandbox system for suspicious software detection." Malicious and unwanted software (MALWARE), 2010 5th international conference on. IEEE, 2010.

@article{M, 
  title={Using GUI ripping for automated testing of Android applications}, 
  author={Amalfitano, Domenico and Fasolino, Anna and Tramontana, Porfirio and Carmine, Salvatore and Memon, Atif}, 
  year={2012}, 
}

[M] Amalfitano Domenico "Using GUI ripping for automated testing of Android applications." Proceedings of the 27th IEEE/ACM International Conference on Automated Software Engineering. ACM, 2012.


@article{N,
 author = {Wasserman, Anthony I},
 title = {Software engineering issues for mobile application development},
 year = {2010},
 publisher = {Proceedings of the FSE/SDP workshop on Future of software engineering research},
}
[N] Wasserman, Anthony I. "Software engineering issues for mobile application development." Proceedings of the FSE/SDP workshop on Future of software engineering research. ACM, 2010.

@article{O,
 author = {Horváth and Ferenc},
 title = {Code Coverage Measurement Framework for Android Devices},
 year = {2014},
 publisher = {Acta Cybern},
}
[O] Horváth and Ferenc, et al. "Code Coverage Measurement Framework for Android Devices." Acta Cybern. 21.3 (2014): 439-458.

@article{Z, 
  title={Automated Static Code Analysis for Classifying Android Applications Using Machine Learning}, 
  DOI={10.1109/CIS.2010.77}, 
  journal={ieee}, 
  publisher={IEEE}, 
  author={Shabtai, Asaf and Fledel, Yuval and Elovici, Yuval}, 
  year={2010}, 
}
[Z] Shabtai, Asaf, Yuval Fledel, and Yuval Elovici. "Automated static code analysis for classifying android applications using machine learning." Computational Intelligence and Security (CIS), 2010 International Conference on. IEEE, 2010. 

@article{Y,
 author={Chin, Erika and Felt, Adrienne and Greenwood, Kate and Wagner, David},
 title = {Analyzing inter-application communication in Android},
 year = {2011},
 publisher = {Proceedings of the 9th international conference on Mobile systems, applications, and services. ACM},
}
[Y] Chin, Erika, et al. "Analyzing inter-application communication in Android." Proceedings of the 9th international conference on Mobile systems, applications, and services. ACM, 2011.

@article{X,
 author = {Kavitha, K and Salini, P and Ilamathy, V},
 title = {Exploring the Malicious Android Applications and Reducing Risk using Static Analysis},
 year = {2016},
 publisher = {International Conference on Electrical, Electronics, and Optimization Techniques (ICEEOT)},
}
[X] Kavitha K. , Salini P. , Ilamathy V. "Exploring the Malicious Android Applications and Reducing Risk using Static Analysis" International Conference on Electrical, Electronics, and Optimization Techniques (ICEEOT), 2016


% Fim David Related Work


% --------------------- NAO LI, DEVO LER ----------------------------------------
@article{Krasner:1988:CUM:50757.50759,
 author = {Krasner, Glenn E. and Pope, Stephen T.},
 title = {A Cookbook for Using the Model-view Controller User Interface Paradigm in Smalltalk-80},
 journal = {J. Object Oriented Program.},
 issue_date = {Aug./Sept. 1988},
 volume = {1},
 number = {3},
 month = aug,
 year = {1988},
 issn = {0896-8438},
 pages = {26--49},
 numpages = {24},
 url = {http://dl.acm.org/citation.cfm?id=50757.50759},
 acmid = {50759},
 publisher = {SIGS Publications},
 address = {Denville, NJ, USA},
} 

@book{Martin:2008:CCH:1388398,
 author = {Martin, Robert C.},
 title = {Clean Code: A Handbook of Agile Software Craftsmanship},
 year = {2008},
 isbn = {0132350882, 9780132350884},
 edition = {1},
 publisher = {Prentice Hall PTR},
 address = {Upper Saddle River, NJ, USA},
} 

@book{Alur:2003:CJP:863711,
 author = {Alur, Deepak and Malks, Dan and Crupi, John and Booch, Grady and Fowler, Martin},
 title = {Core J2EE Patterns (Core Design Series): Best Practices and Design Strategies},
 year = {2003},
 isbn = {0131422464},
 edition = {2},
 publisher = {Sun Microsystems, Inc.},
 address = {Mountain View, CA, USA},
} 

@article{Palomba_Do_2014,
  pages={101-110},
  title={Do They Really Smell Bad? A Study on Developers' Perception of Bad Code Smells},
  doi={10.1109/ICSME.2014.32},
  author={Palomba, Fabio and Bavota, Gabriele and Penta, Massimiliano and Oliveto, Rocco and Lucia, Andrea},
  year={2014},
  file={/Users/SuelenGC/Google Drive/Mestrado/Dissertacao/Papers/2014/2014 - Do They Really Smell Bad A Study on Developers Perception of Bad Code Smells.pdf}
}

@article{Khomh:2012:ESI:2158916.2158921,
 author = {Khomh, Foutse and Penta, Massimiliano Di and Gu{\'e}h{\'e}neuc, Yann-Ga\"{e}l and Antoniol, Giuliano},
 title = {An Exploratory Study of the Impact of Antipatterns on Class Change-and Fault-proneness},
 journal = {Empirical Softw. Engg.},
 volume = {17},
 number = {3},
 month = jun,
 year = {2012},
 numpages = {33},
 url = {http://dx.doi.org/10.1007/s10664-011-9171-y},
 doi = {10.1007/s10664-011-9171-y},
 acmid = {2158921},
 publisher = {Kluwer Academic Publishers},
 address = {Hingham, MA, USA},
 keywords = {Antipatterns, Empirical software engineering, Mining software repositories},
} 

Export Formats
BibTeX | EndNote | ACM Ref
@inproceedings{Khomh:2009:ESI:1685994.1686210,
 author = {Khomh, Foutse and Di Penta, Massimiliano and Gu{\'e}h{\'e}neuc, Yann-Ga\"{e}l},
 title = {An Exploratory Study of the Impact of Code Smells on Software Change-proneness},
 booktitle = {Proceedings of the 2009 16th Working Conference on Reverse Engineering},
 series = {WCRE '09},
 year = {2009},
 numpages = {10},
 url = {http://dx.doi.org/10.1109/WCRE.2009.28},
 doi = {10.1109/WCRE.2009.28},
 publisher = {IEEE Computer Society},
 address = {Washington, DC, USA},
 keywords = {Code Smells, Mining Software Repositories, Empirical Software Engineering},
} 


@INPROCEEDINGS{Yamashita6405287, 
  author={A. Yamashita and L. Moonen}, 
  booktitle={2012 28th IEEE International Conference on Software Maintenance (ICSM)}, 
  title={Do code smells reflect important maintainability aspects?}, 
  year={2012}, 
  pages={306-315}, 
  keywords={Java;expert systems;software maintenance;Java systems;code maintainability;code smells;design flaws;expert-based maintainability assessments;Encoding;Interviews;Java;Maintenance engineering;Measurement;Software maintenance;code smells;maintainability evaluation}, 
  doi={10.1109/ICSM.2012.6405287}, 
  ISSN={1063-6773}, 
  month={Sept},
}

@inproceedings{Yamashita:2013:EII:2486788.2486878,
 author = {Yamashita, Aiko and Moonen, Leon},
 title = {Exploring the Impact of Inter-smell Relations on Software Maintainability: An Empirical Study},
 booktitle = {Proceedings of the 2013 International Conference on Software Engineering},
 series = {ICSE '13},
 year = {2013},
 isbn = {978-1-4673-3076-3},
 location = {San Francisco, CA, USA},
 pages = {682--691},
 numpages = {10},
 url = {http://dl.acm.org/citation.cfm?id=2486788.2486878},
 acmid = {2486878},
 publisher = {IEEE Press},
 address = {Piscataway, NJ, USA},
} 
@article{Sjoberg_Quantifying_2013,
  title={Quantifying the Effect of Code Smells on Maintenance Effort},
  journal={Ieee T Software Eng},
  doi={10.1109/TSE.2012.89},
  author={Sjoberg, Dag and Yamashita, Aiko and Anda, Bente and Mockus, Audris and Dyba, Tore},
  issn={0098-5589},
  year={2013},
  file={/Users/SuelenGC/Google Drive/Mestrado/Dissertacao/Papers/2013/2013 - Ieee T Software Eng - Quantifying the Effect of Code Smells on Maintenance Effort.pdf}
}


@inproceedings{ErikaComDroid,
 author = {Chin, Erika and Felt, Adrienne Porter and Greenwood, Kate and Wagner, David},
 title = {Analyzing Inter-application Communication in Android},
 booktitle = {Proceedings of the 9th International Conference on Mobile Systems, Applications, and Services},
 series = {MobiSys '11},
 year = {2011},
 isbn = {978-1-4503-0643-0},
 location = {Bethesda, Maryland, USA},
 pages = {239--252},
 numpages = {14},
 url = {http://doi.acm.org/10.1145/1999995.2000018},
 doi = {10.1145/1999995.2000018},
 acmid = {2000018},
 publisher = {ACM},
 address = {New York, NY, USA},
 keywords = {Android, intents, message passing, mobile phone security},
} 

% Optional fields: author, title, howpublished, month, year, note
@MISC{ComDroidErika,
  title = {ComDroid Tool},
  url = {https://github.com/whitehatpanda/comdroid},
  note = {Last accessed at 25/11/2016}
}

@MISC{WikiGooglePlay,
  title = {Wikipedia Google Play Store},
  url = {https://en.wikipedia.org/wiki/Google_Play},
  note = {Last accessed at 27/11/2016}
}

@inproceedings{AdriennePermission,
 author = {Felt, Adrienne Porter and Ha, Elizabeth and Egelman, Serge and Haney, Ariel and Chin, Erika and Wagner, David},
 title = {Android Permissions: User Attention, Comprehension, and Behavior},
 booktitle = {Proceedings of the Eighth Symposium on Usable Privacy and Security},
 series = {SOUPS '12},
 year = {2012},
 isbn = {978-1-4503-1532-6},
 location = {Washington, D.C.},
 pages = {3:1--3:14},
 articleno = {3},
 numpages = {14},
 url = {http://doi.acm.org/10.1145/2335356.2335360},
 doi = {10.1145/2335356.2335360},
 acmid = {2335360},
 publisher = {ACM},
 address = {New York, NY, USA},
 keywords = {Android, mobile phones, smartphones, usable security},
} 

@inproceedings{LanceComunicationStrategies,
 author = {Allison, Lance A. and Fuad, Mohammad Muztaba},
 title = {Inter-app Communication Between Android Apps Developed in App-inventor and Android Studio},
 booktitle = {Proceedings of the International Conference on Mobile Software Engineering and Systems},
 series = {MOBILESoft '16},
 year = {2016},
 isbn = {978-1-4503-4178-3},
 location = {Austin, Texas},
 pages = {17--18},
 numpages = {2},
 url = {http://doi.acm.org/10.1145/2897073.2897117},
 doi = {10.1145/2897073.2897117},
 acmid = {2897117},
 publisher = {ACM},
 address = {New York, NY, USA},
 keywords = {Android, Android studio, app inventor, mobile apps},
} 


% --------------------- FIM DO NAO LI E QUE DEVO LER ------------------------------------

@book{Riel,
  title={Object-Oriented Design Heuristics},
  author={J. Riel, Arthur},
  year={1996},
  isbn={9780201633856},
  lccn={lc95048396},
  url={https://books.google.com.br/books?id=oHkhAQAAIAAJ},
  year={1996},
  publisher={Addison-Wesley Publishing Company}
}

@book{Webster,
  title={Pitfalls of Object-Oriented Development},
  author={Webster F, Bruce},
  year={1995},
  publisher={M \& T Books}
}

@article{Silva_Does_2015,
  pages={73-82},
  title={Does JavaScript software embrace classes?},
  doi={10.1109/SANER.2015.7081817},
  author={Silva, Leonardo and Ramos, Miguel and Valente, Marco and Bergel, Alexandre and Anquetil, Nicolas},
  year={2015}
}

@book{Suryanarayana2014Refactoring,
  title={Refactoring for Software Design Smells: Managing Technical Debt},
  author={Suryanarayana, G. and Samarthyam, G. and Sharma, T.},
  isbn={9780128016466},
  lccn={2014029955},
  url={https://books.google.com.br/books?id=1SaOAwAAQBAJ},
  year={2014},
  publisher={Elsevier Science}
}

@article{Moha_Gueheneuc_Meur_Duchien_2008, 
  title={Fundamental Approaches to Software Engineering}, 
  author={Moha, Naouel and Gu{\'e}h{\'e}neuc, Yann-Ga\"{e}l and Meur, Anne-Fran\c{c}oise and Duchien, Laurence}, 
  year={2008}
}

@book{WilleyAntiPatterns,
  author = {William J. Brown and Raphael C. Malveau and Hays W. "Skip" McCormick, Thomas J. Mowbray},
  publisher = {Wiley},
  title = {AntiPatterns: Refactoring Software, Architectures, and Projects in Crisis},
  year = {1998}
}

@misc{WikiCodeSmell, 
  title={Wikipedia Code Smell}, 
  year={2016},
  howpublished = {\url{https://en.wikipedia.org/wiki/Code_smell}},
  note = {Last accessed at 14/11/2016}
}

@misc{AndroidHistory, 
  title={Android Version History}, 
  howpublished = {\url{https://en.wikipedia.org/wiki/Android_version_history}},
  note = {Last accessed at 27/11/2016}
}

@ARTICLE{Zhang2013,
  author = {Feng Zhang and Audris Mockus and Ying Zou and Foutse Khomh and Ahmed E Hassan},
  title = {How does context affect the distribution of software maintainability metrics?},
  journal = {In IEEE International Conference on Software Maintenance, páginas 350–359. IEEE},
  year={2013},
  note = {Encontrado na dissertação do Aniche}
}

@misc{AndroidDeveloperSite2016, 
  title={Documenta\c{c}\~ao Site Android Developer}, 
  author={Android Developer Site}, 
  howpublished = {\url{https://developer.android.com}},
  year={2016},
  note = {Last accessed at 27/10/2016}
}

@misc{AdaptersPreussler2016, 
  title={Writing Better Adapters}, 
  author={Preussler, Danny}, 
  year={2016},
  howpublished = {\url{https://medium.com/\@dpreussler/writing-better-adapters-1b09758407d2\#.tbvvw3krr}},
  note = {Last accessed at 27/10/2016}
}

@misc{UITecMundo2016, 
  title={A hist\'oria da Interface Gr\'afica}, 
  author={TecMundo}, 
  howpublished = {\url{http://www.tecmundo.com.br/historia/9528-a-historia-da-interface-grafica.htm}},
  note = {Last accessed at 26/10/2016}
}

@misc{UIWikipedia2016, 
  title={Interface do Utilizador}, 
  author={Wikipedia}, 
  howpublished = {\url{https://pt.wikipedia.org/wiki/Interface_do_utilizador}},
  note = {Last accessed at 26/10/2016}
}

@book{GUIRaymond2004, 
  title={The Art of Unix Usability}, 
  author={Raymond, Eric Steven}, 
  year={2004},
  howpublished = {\url{http://www.catb.org/~esr/writings/taouu/html}},
  note = {Last accessed at 26/10/2016}
}

@ARTICLE{Mantyla2013,
  author = {Roberto Minelli and Michele Lanza},
  title = {Software analytics for mobile applications, insights \& lessons learned},
  journal = {In Proceedings of the 2013 17th European Conference on Software Maintenance and Reengineering},
  year = {2013}
}

@book{gof,
  author = {Gamma, E. and Helm, R. and Johnson, R. and Vlissides, J.},
  publisher = {Addison Wesley, Boston},
  series = {Professional Computing Series},
  title = {Design Patterns: Elements of Reusable Object-Oriented Software},
  year = {1995}
}

@MISC{AndroidActivities2016,
  title = {Activities},
  howpublished = {\url{https://developer.android.com/guide/components/activities.html}},
  note = {Last accessed at 29/08/2016}
}

@MISC{PMD2016,
  title = {PMD (2016)},
  year = {2016},
  howpublished = {\url{https://pmd.github.io}},
  note = {Last accessed at 29/08/2016}
}

@MISC{Sonarqube2016,
  title = {Sonarqube (2016)},
  year = {2016},
  howpublished = {\url{http://www.sonarqube.org}},
  note = {Last accessed at 29/08/2016}
}

@article{TsantalisChaikalis2008, 
  title={JDeodorant: Identification and removal of type-checking bad smells}, 
  url={http://ieeexplore.ieee.org/xpls/abs_all.jsp?arnumber=4493342}, 
  DOI={10.1109/CSMR.2008.4493342}, 
  author={Tsantalis, N and Chaikalis, T}, 
  year={2008}
}

@article{Hecht2015, 
  title={An Approach to Detect Android Antipatterns}, 
  publisher={ieee}, 
  author={Hecht, Geoffrey}, 
  year={2015}, 
}

@article{FinavaroAniche2016, 
  title={Architectural Roles in Code Metric Assessment and Code Smell Detection}, 
  author={Aniche, Maurício and Gerosa, Marco},
  year = {2016},
}

@article{ReimannBrylski2013, 
  title={A Tool-Supported Quality Smell Catalogue For Android Developers}, 
  author={Reimann, Jan and Brylski, Martin},
  year = {2013},
}

@article{Reimann,
 title={Quality-Aware Refactoring For Early Detection And Resolution Of Energy Deficiencies},
 author = {Reimann, Jan and Assmann, Uwe},
 publisher = {In 4th International Workshop on Green and Cloud Computing Management},
 year={2013},
}

@article{Mannan_Dig_Ahmed_Jensen_Abdullah_Almurshed, 
  title={Understanding Code Smells in Android Applications}, 
  DOI={10.1145/2897073.2897094}, 
  author={Mannan, Umme and Dig, Danny and Ahmed, Iftekhar and Jensen, Carlos and Abdullah, Rana and Almurshed, M}
}

@article{DomainMatters, 
  title={Domain Matters: Bringing Further Evidence of the Relationships among Anti-patterns, Application Domains, and Quality-Related Metrics in Java Mobile Apps}, 
  author={Linares-V{\'a}squez, Mario and Klock, Sam and Mcmillan, Collin and Saban{\`e}, Aminata and Poshyvanyk, Denys and Gu{\'e}h{\'e}neuc, Yann-Ga\"{e}l}
}

@MISC{WikiAndroid,
  title = {Wikipedia Android},
  howpublished = {\url{https://pt.wikipedia.org/wiki/Android}},
  note = {Last accessed at 30/08/2016}
}

@MISC{AndroidStudio,
  title = {Android Studio},
  howpublished = {\url{https://developer.android.com/studio/index.html}},
  note = {Last accessed at 30/08/2016}
}

@MISC{WikiAndroidRuntime,
  title = {Wikipedia Android Runtime},  
  howpublished = {\url{https://en.wikipedia.org/wiki/Android_Runtime}},
  note = {Last accessed at 30/08/2016}
}

% Optional fields: author, title, howpublished, month, year, note
@MISC{AndroidRuntimeDalvikArtExplained,
  title = {Android: entenda as diferenças entre o ART e o Dalvik},
  howpublished = {\url{http://www.tecmundo.com.br/android/54387-android-entenda-diferencas-entre-art-o-dalvik.htm}},
  note = {Last accessed at 30/08/2016} 
}

% Ref boas práticas
@book{alur2003core,
  title={Core J2EE Patterns: Best Practices and Design Strategies},
  author={Alur, D. and Crupi, J. and Malks, D.},
  isbn={9780131422469},
  lccn={2004266715},
  series={Core Series},
  url={https://books.google.com.br/books?id=1dx34EMVyi8C},
  year={2003},
  publisher={Prentice Hall PTR}
}

% Ref boas práticas
@book{rozanski2012software,
  title={Software Systems Architecture: Working with Stakeholders Using Viewpoints and Perspectives},
  author={Rozanski, N. and Woods, E.},
  isbn={9780321718334},
  lccn={2011040253},
  url={https://books.google.com.br/books?id=ka4QO9kXQFUC},
  year={2012},
  publisher={Addison-Wesley}
}

% Ref boas práticas
@book{gamma1994design,
  title={Design Patterns: Elements of Reusable Object-Oriented Software (Adobe Reader)},
  author={Gamma, E. and Helm, R. and Johnson, R. and Vlissides, J.},
  isbn={9780321700698},
  url={https://books.google.com.br/books?id=6oHuKQe3TjQC},
  year={1994},
  publisher={Pearson Education}
}

@misc{AndroidFundamentals, 
  title={Andriod Fundamentals}, 
  author={Android Developer Site}, 
  howpublished = {\url{https://developer.android.com/guide/components/fundamentals.html}},
  note = {Last accessed at 04/09/2016},
}

@misc{AndroidPlatformArchitecture, 
  title={Plataform Architecture}, 
  author={Android Developer Site}, 
  howpublished = {\url{https://developer.android.com/guide/platform/index.html}},
  note = {Last accessed at 04/09/2016},
}

@misc{AndroidUIEvents, 
  title={UI Events}, 
  author={Android Developer Site}, 
  howpublished = {\url{https://developer.android.com/guide/topics/ui/ui-events.html}},
  note = {Last accessed at 25/11/2016},
}

@misc{AndroidResourcesOverview, 
  title={Resources Overview}, 
  author={Developer Android Site}, 
  year={2016},
  howpublished = {\url{https://developer.android.com/guide/topics/resources/overview.html}},
  note = {Last accessed at 08/09/2016},
}

@misc{ElaboracaoPesquisa, 
  title={A ELABORAÇÃO DE QUESTIONÁRIOS NA PESQUISA QUANTITATIVA}, 
  author={Manzato, Antonio J. e Santos, Adriana B.}, 
  howpublished = {\url{http://www.inf.ufsc.br/~vera.carmo/Ensino_2012_1/ELABORACAO_QUESTIONARIOS_PESQUISA_QUANTITATIVA.pdf}},
  note = {Last accessed at 12/09/2016},
}


@misc{AndroidResourceType, 
  title={Resource Type}, 
  author={Android Developer Site}, 
  year={2016},
  howpublished = {\url{https://developer.android.com/guide/topics/resources/available-resources.html}},
  note = {Last accessed at 12/09/2016},
}

@misc{AndroidUIOverview, 
  title={UI Overview}, 
  author={Android Developer Site}, 
  year={2016},
  howpublished = {\url{https://developer.android.com/guide/topics/ui/overview.html}},
  note = {Last accessed at 23/10/2016},
}

@misc{AndroidLayouts, 
  title={Layouts}, 
  author={Android Developer Site}, 
  year={2016},
  howpublished = {\url{https://developer.android.com/guide/topics/ui/declaring-layout.html}},
  note = {Last accessed at 23/10/2016},
}

% --------------- rever bibliografias abaixo se mantém, estão duplicadas ou não

@book{Gamma:1995:DPE:186897,
  author = {Gamma, Erich and Helm, Richard and Johnson, Ralph and Vlissides, John},
  title = {Design Patterns: Elements of Reusable Object-oriented Software},
  year = {1995},
  isbn = {0-201-63361-2},
  publisher = {Addison-Wesley Longman Publishing Co., Inc.},
  address = {Boston, MA, USA},
} 

@book{RefactoringFowler1999,
  title = {Refactoring: Improving the Design of Existing Code},
  year = {1999},
  isbn = {0-201-48567-2},
  publisher = {Addison-Wesley Longman Publishing Co., Inc.},
  address = {Boston, MA, USA},
} 

@PHDTHESIS{MobileSmells:13,
  title={Code Smells in the Mobile Applications Domain},
  author={Dani\"el Verloop},
  year={2013},
  school={TU Delft, Delft University of Technology}
}

@PHDTHESIS{CSSCodeSmell,
  title={Code Smells in Cascading Style Sheets: An Empirical Study and a Predictive Model},
  author={Golnaz Gharachorlu},
  year={2014},
  school={The University of British Columbia}
}

@PHDTHESIS{RefactoringAndImprovements:10,
  title={Evaluation and Improvement of Software Architecture: Identification of Design Problems in Object-Oriented Systems and Resolution through Refactorings},
  author={Nikolaos Tsantalis},
  month = Aug,
  year={2010},
  school={University of Macedonia}
}

@ARTICLE{MvcSmells:16,
  author = {Maurício Aniche and Bavota G. and Treude C. and Van Deursen A. and Gerosa M.},
  title = {A Validated Set of Smells in Model-View-Controller Architectures},
  year = {2016}
}

@inproceedings{aniche2016satt,
  title={SATT: Tailoring Code Metric Thresholds for Different Software Architectures},
  author={Aniche, Maur{\'\i}cio and Treude, Christoph and Zaidman, Andy and van Deursen, Arie and Gerosa, Marco Aur{\'e}lio},
  booktitle={Source Code Analysis and Manipulation (SCAM), 2016 IEEE 16th International Working Conference on},
  pages={41--50},
  year={2016},
  organization={IEEE}
}

@MISC{CodeSmell:06,
  author = {Martin Fowler},
  title = {Code Smell},
  howpublished = {\url{http://martinfowler.com/bliki/CodeSmell.html}},
  year = {2006},
  month = Feb,
}

@MISC{ProcessoPesquisa:04,
  author = {M\'arcia R. T. L. Malheiros},
  title = {O Processo de Pesquisa na Gradua\c c\~ao},
  pages = {27},
  year = {2004},
  howpublished = {\url{http://www.profwillian.com/_diversos/download/prof/marciarita/pesquisa_na_graduacao.pdf}},
  note = {Last accessed at 20/07/2016}
}

@MISC{TipoPesquisa:01,
  author = {Marco A. Togatlian},
  title = {Tipos de Pesquisa},
  year = {2001},
  howpublished = {\url{http://www.togatlian.pro.br/docs/pos/unesa/tipos.pdf}},
  note = {Last accessed at 20/07/2016}
}

@BOOK{Refactoring:99,
  author = {Martin Fowler},
  title = {Refactoring. Improving the Design of Existing Code},
  publisher = {Addison-Wesley},
  year = {1999}
}

@ARTICLE{SmartSociety:13,
  author = {Muhammad Sarwar and Tariq R. Soomro},
  title = {Impact of Smartphone's on Society},
  journal = {European Journal of Scientific Research},
  year = {2013},
  month = Mar,
  volume = {98},
  number = {2},
  pages = {216-226},
  note = {\url{http://www.europeanjournalofscientificresearch.com}},
}

% Mobile Apps (market shares, apps qt and downloads) -----------------------------------------------------------

% 84,1% Android Marketshare
@MISC{MobileMarketShares:16,
  title = {Gartner Says Worldwide Smartphone Sales Grew 3.9 Percent in First Quarter of 2016},
  howpublished = {\url{http://www.gartner.com/newsroom/id/3323017}},
  month = May,
  year = {2016},
  note = {Last accessed at 23/07/2016}
}

% Mobile Marketshare até 2015 (ref não usada)
@MISC{MobileMarketShareIDC:15,
  title = {Smartphone OS Market Share, 2015 Q2},
  howpublished = {\url{http://www.idc.com/prodserv/smartphone-os-market-share.jsp}},
  year = {2015},
  note = {Last accessed at 26/07/2016}
}

% 83,7% Android Marketshare até 2016
@MISC{GrowthForecastIDC:16,
  title = {Worldwide Smartphone Growth Forecast to Slow to 3.1\% in 2016 as Focus Shifts to Device Lifecycles, According to IDC},
  howpublished = {\url{http://www.idc.com/getdoc.jsp?containerId=prUS41425416}},
  month = Jun,
  year = {2016},
  note = {Last accessed at 23/07/2016}
}

% 
@MISC{SmartphoneSales:09-16,
  title = {Global smartphone sales to end users from 1st quarter 2009 to 1st quarter 2016, by operating system (in million units)},
  year = {2016},
  publisher = {Statista.com},
  howpublished = {\url{http://www.statista.com/statistics/266219/global-smartphone-sales-since-1st-quarter-2009-by-operating-system}},
  note = {Last accessed at 24/07/2016}
}
% 
@MISC{PercentSmartphoneSales:09-16,
  title = {Global mobile OS market share in sales to end users from 1st quarter 2009 to 1st quarter 2016)},
  year = {2016},
  publisher = {Statista.com},
  howpublished = {\url{http://www.statista.com/statistics/266136/global-market-share-held-by-smartphone-operating-systems}},
  note = {Last accessed at 24/07/2016}
}
% 
@MISC{AppInPlayStore:09-16,
  title = {Number of available applications in the Google Play Store from December 2009 to February 2016},
  year = {2016},
  publisher = {Statista.com},
  howpublished = {\url{http://www.statista.com/statistics/266210/number-of-available-applications-in-the-google-play-store}},
  note = {Last accessed at 24/07/2016}
}

% Adroid Auto, TV SmartWtatch
@MISC{AndroidAuto:16,
  title = {Ford ter\'a Apple CarPlay e Android Auto em todos os modelos nos EUA},
  year = {2016},
  howpublished = {\url{http://g1.globo.com/carros/noticia/2016/07/ford-tera-apple-carplay-e-android-auto-em-todos-os-modelos-nos-eua.html}},
  note = {Last accessed at 26/07/2016}
}

% 
@MISC{AndroidSmart:14,
  title = {Google Android software spreading to cars, watches, TV},
  month = Jun,
  year = {2014},
  howpublished = {\url{http://phys.org/news/2014-06-google-android-software-cars-tv.html}},
  note = {Last accessed at 26/07/2016}
}

% Downaload de apps
% 
@MISC{AppAnnie:16,
  title = {App Annie Index Market Q1 2016: China Takes Japan’s \#2 Spot for iOS Revenue},
  month = Apr,
  year = {2016},
  howpublished = {\url{https://www.appannie.com/insights/market-data/app-annie-index-market-q1-2016}},
  note = {Last accessed at 30/08/2016}
}

% Android Device/Brand fragmentation
@MISC{AndroidFragmentation,
  title = {Android Fragmentation Visualized},
  month = Aug,
  year = {2015},
  howpublished = {\url{http://opensignal.com/reports/2015/08/android-fragmentation}},
  note = {Last accessed at 12/09/2016}
}