@inproceedings{GrissomKim2005, 
  edition={1}, 
  title={Effect Sizes for Research: Univariate and Multivariate Applications}, 
  ISBN={0805850147}, 
  publisher={Routledge}, 
  author={Grissom, Robert J and Kim, John J}, 
  year={2005}, 
  month={Mar}, 
  pages={272}
}

% Citado em Why Don’t Software Developers Use Static Analysis Tools to Find Bugs? as [1]
@inproceedings{briand1993modeling,
  title={Modeling and managing risk early in software development},
  author={Briand, Lionel C and Thomas, William M and Hetmanski, Christopher J},
  booktitle={Software Engineering, 1993. Proceedings., 15th International Conference on},
  pages={55--65},
  year={1993},
  organization={IEEE}
}

% Citado em Why Don’t Software Developers Use Static Analysis Tools to Find Bugs? as [2]
@inproceedings{Nagappan:2005,
  author={Nagappan, Nachiappan and Ball, Thomas},
  title={Static Analysis Tools As Early Indicators of Pre-release Defect Density},
  booktitle={Proceedings of the 27th International Conference on Software Engineering},
  series={ICSE '05},
  year={2005},
  isbn={1-58113-963-2},
  location={St. Louis, MO, USA},
  pages={580--586},
  numpages={7},
  url={http://doi.acm.org/10.1145/1062455.1062558},
  doi={10.1145/1062455.1062558},
  acmid={1062558},
  publisher={ACM},
  address={New York, NY, USA},
  keywords={defect density, fault-proneness, static analysis tools, statistical methods},
} 

@article{L, 
  title={Experiences of system-level model-based GUI testing of an Android application}, 
  author={Takala and Tommi and Mika Katara, Julian Harty},
  year={2011}, 
  publisher={Fourth IEEE International Conference on Software Testing, Verification and Validation. IEEE},
}

@misc{FirstApp2017, 
  title={Building Your Firt App}, 
  author={Android Developer Site}, 
  howpublished={\url{https://developer.android.com/training/basics/firstapp/creating-project.html}},
  year={2016},
  note={Acessado em 31/03/2017}
}

@misc{WikipediaInhiritance, 
  title={Inheritance (object-oriented programming)}, 
  author={Wikip\'edia}, 
  year = {2017},
  howpublished={\url{https://en.wikipedia.org/wiki/Inheritance_(object-oriented_programming)}},
  note={Acessado em 08/04/2017}
}

@misc{OptmizingViewHierarchies, 
  title={Optimizing View Hierarchies)}, 
  author={Android Developer Site}, 
  year = {2017},
  howpublished={\url{https://developer.android.com/topic/performance/rendering/optimizing-view-hierarchies.html)}},
  note={Acessado em 09/04/2017}
}

@misc{EventBusAndroid, 
  title={Green Robot - Event Bus)}, 
  howpublished={\url{http://greenrobot.org/eventbus}},
  note={Acessado em 11/04/2017},
  year = {2017},
}

@misc{MartinFowlerGUIArchitectures, 
  title={GUI Architectures)}, 
  howpublished={\url{https://www.martinfowler.com/eaaDev/uiArchs.html}},
  note={Acessado em 11/04/2017},
  year = {2017},
}

@misc{WikipediaMVP, 
  title={Wikip\'edia - Model-View-Presenter}, 
  howpublished={\url{https://pt.wikipedia.org/wiki/Model-view-presenter}},
  note={Acessado em 11/04/2017},
  year = {2017}
}

@misc{WikipediaMVVM, 
  title={Wikip\'edia - Model-View-ViewModel}, 
  howpublished={\url{https://en.wikipedia.org/wiki/Model–view–viewmodel}},
  note={Acessado em 11/04/2017},
  year = {2017}
}

@misc{CleanArchitecture, 
  title={8thlight Blog - The Clean Architecture}, 
  author={Martin, Robert},
  howpublished={\url{https://8thlight.com/blog/uncle-bob/2012/08/13/the-clean-architecture.html}},
  note={Acessado em 11/04/2017},
  year = {2017},
}

@misc{ButterKnife, 
  title={Butter Knife}, 
  author={Jake, Wharthon},
  howpublished={\url{http://jakewharton.github.io/butterknife/}},
  note={Acessado em 11/04/2017},
  year = {2017},
}

@misc{AluraViewHolder, 
  title={Android RecyclerView}, 
  author={Android Developers Site},
  howpublished={\url{https://developer.android.com/training/material/lists-cards.html}},
  note={Acessado em 12/04/2017},
  year = {2017},
}

@PHDTHESIS{Prikladnicki, 
  title={MuNDDoS - Um Modelo de Referência Para Desenvolvimento Distribuído de Software}, 
  author={Prikladnicki, Rafael},
  year={2013},
  school={Pontifíca Universidade Católica do Rio Grande do Sul - PUCRS},
  numpages={145}
}

@phdthesis{Prates2015, 
  title={Aplicando Síntese Temática em Engenharia de Software}, 
  school={Universidade Federal da Bahia e Universidade Estadual de Feira de Santana}, 
  author={Prates, Luciana Carla Lins}, 
  year={2015}, 
  numpages={205}
}

@article{King1994, 
  title={In Qualitative methods in organizational research - A practical guide}, 
  publisher={SAGE Publications Ltd}, 
  author={King, Nigel}, 
  year={1994}, 
  numpages={253}
}

@book{Strauss2007,
  author={Corbin, Juliet and Strauss, Anselm},
  title={Basics of Qualitative Research: Techniques and Procedures for Developing Grounded Theory},
  year={2007},
  isbn={141290644X, 978-1412906449},
  edition={3},
  numpages={400},
  publisher={SAGE Publications Ltd}
}

@book{Saldana2013,
  author={Saldaña, Johnny},
  title={The Coding Manual for Qualitative Researchers},
  year={2012},
  isbn={1446247376, 978-1446247372},
  edition={2},
  numpages={328},
  publisher={SAGE Publications Ltd}
}

@book{GlaserStrauss1999, 
  edition={1}, 
  title={The Discovery of Grounded Theory: Strategies for Qualitative Research}, 
  ISBN={0202302601, 978-0202302607}, 
  publisher={Aldine}, 
  author={Glaser, Barney G. and Strauss, Anselm L.}, 
  year={1999}, 
  numpages={271}
}

@article{Adolph2011, 
  title={Using grounded theory to study the experience of software development. Empirical Software Engineering}, 
  author={Adolph, Steve and Hall, Wendy and Kruchten, Philippe}, 
  year={2011}, 
  numpages={27}
}

@book{Conover1999, 
  edition={3}, 
  title={Practical Nonparametric Statistics}, 
  ISBN={0471160687}, 
  publisher={Wiley}, 
  author={W, Conover J}, 
  year={1999}, 
  month={Dec}, 
  pages={584}
}